<?xml version="1.0" encoding="UTF-8" ?>
<record Numero="13930264" format="InterXMarc_Complet" type="Authority">
<leader>00677c0 au22000272  45  <Pos Code="0004">00677</Pos>
<Pos Code="05" Sens="notice modifiée">c</Pos>
<Pos Code="06" Sens="notice validée par les services d&apos;autorité">0</Pos>
<Pos Code="08" Sens="notice d&apos;autorité">a</Pos>
<Pos Code="09" Sens="titre uniforme musical (TUM)">u</Pos>
<Pos Code="10">2</Pos>
<Pos Code="11">2</Pos>
<Pos Code="1216">00027</Pos>
<Pos Code="17" Sens="autres cas">2</Pos>
<Pos Code="20">4</Pos>
<Pos Code="21">5</Pos>
</leader>
<controlfield tag="001">FRBNF139302640<Pos Code="0001">FR</Pos>
<Pos Code="0204">BNF</Pos>
<Pos Code="0512">13930264</Pos>
<Pos Code="13">0</Pos>
</controlfield>
<controlfield tag="008">901010120703yy    qui       1791                             010 <Pos Code="0001">90</Pos>
<Pos Code="0203">10</Pos>
<Pos Code="0405">10</Pos>
<Pos Code="0607">12</Pos>
<Pos Code="0809">07</Pos>
<Pos Code="1011">03</Pos>
<Pos Code="1213" Sens="ne s&apos;applique pas">yy</Pos>
<Pos Code="1820" Sens="quintette instrumental">qui</Pos>
<Pos Code="2831">1791</Pos>
<Pos Code="61" Sens="La vedette peut être liée à une notice bibliographique pour les accès signalétiques et/ou pour l&apos;accès matière RAMEAU">0</Pos>
<Pos Code="62" Sens="La vedette ne peut s&apos;employer qu&apos;en tête de vedette">1</Pos>
<Pos Code="63" Sens="La vedette n&apos;admet pas de subdivision géographique">0</Pos>
</controlfield>
<datafield tag="048" ind1=" " ind2=" ">
	<subfield code="a">wa01<Pos Code="0001" Sens="instruments à vent - flûte">wa</Pos>
<Pos Code="02">0</Pos>
<Pos Code="03">1</Pos>
</subfield>
	<subfield code="a">wb01<Pos Code="0001" Sens="instruments à vent - hautbois">wb</Pos>
<Pos Code="02">0</Pos>
<Pos Code="03">1</Pos>
</subfield>
	<subfield code="a">sb01<Pos Code="0001" Sens="cordes frottées - alto">sb</Pos>
<Pos Code="02">0</Pos>
<Pos Code="03">1</Pos>
</subfield>
	<subfield code="a">sc01<Pos Code="0001" Sens="cordes frottées - violoncelle">sc</Pos>
<Pos Code="02">0</Pos>
<Pos Code="03">1</Pos>
</subfield>
	<subfield code="a">pz01<Pos Code="0001" Sens="percussion - autre">pz</Pos>
<Pos Code="02">0</Pos>
<Pos Code="03">1</Pos>
</subfield>
</datafield>
<datafield tag="100" ind1=" " ind2=" ">
	<subfield code="3">14027233</subfield>
	<subfield code="w">.0..b.....</subfield>
	<subfield code="a">Mozart</subfield>
	<subfield code="m">Wolfgang Amadeus</subfield>
	<subfield code="d">1756-1791</subfield>
</datafield>
<datafield tag="144" ind1="1" ind2=" ">
	<subfield code="w">....b.....</subfield>
	<subfield code="a">Adagio und Rondo</subfield>
	<subfield code="b">Harmonica de verres, flûte, hautbois, alto, violoncelle</subfield>
	<subfield code="k">KV 617</subfield>
	<subfield code="t">Do mineur</subfield>
</datafield>
<datafield tag="444" ind1="1" ind2=" ">
	<subfield code="w">....b.....</subfield>
	<subfield code="a">Adagio und Rondo</subfield>
	<subfield code="b">Harmonica de verres, flûte, hautbois, alto, violoncelle</subfield>
	<subfield code="k">K 617</subfield>
	<subfield code="t">Do mineur</subfield>
</datafield>
<datafield tag="600" ind1=" " ind2=" ">
	<subfield code="a">Écrit pour Marianne Kirchgassner, virtuose aveugle de l&apos;harmonica de verre</subfield>
	<subfield code="a">Date de composition : 1791</subfield>
</datafield>
<datafield tag="610" ind1=" " ind2=" ">
	<subfield code="a">Köchel 6</subfield>
</datafield>
<datafield tag="917" ind1=" " ind2=" ">
	<subfield code="o">OPC</subfield>
	<subfield code="a">100608330</subfield>
</datafield>
<datafield tag="917" ind1=" " ind2=" ">
	<subfield code="o">OPD</subfield>
	<subfield code="a">100321770</subfield>
	<subfield code="b">ATUM</subfield>
</datafield>
<datafield tag="996" ind1=" " ind2=" ">
	<subfield code="o">OPP</subfield>
	<subfield code="a">14808291</subfield>
	<subfield code="d">20090302</subfield>
</datafield>
<datafield tag="996" ind1=" " ind2=" ">
	<subfield code="o">OPP</subfield>
	<subfield code="a">13866707</subfield>
	<subfield code="d">20120703</subfield>
</datafield>
<Alter Ori="14027233">
<datafield tag="400" ind1=" " ind2=" ">
	<subfield code="w">....b.....</subfield>
	<subfield code="a">Mozart</subfield>
	<subfield code="m">Wolfgang Gottlieb</subfield>
	<subfield code="d">1756-1791</subfield>
</datafield>
</Alter>
<Attr Nom="IDPerenne">ark:/12148/cb13930264j</Attr>
<Attr Nom="NumSource">OPC 100608330</Attr>
<Attr Nom="Source" Sens="BnF catalogue général (depuis 1999)">A</Attr>
<Attr Nom="NumAutoriteLiee">14027233</Attr>
<Attr Nom="DateCreation">10/10/ 1990</Attr>
<Attr Nom="ResponsableCreation">MIGV2</Attr>
<Attr Nom="StructCreation">1</Attr>
<Attr Nom="DateDerniereValidation">10/01/ 2013</Attr>
<Attr Nom="ResponsableDerniereValidation">ADCAT06</Attr>
<Attr Nom="StructPremiereValidation">1</Attr>
<Attr Nom="DatePremiereValidation">10/10/ 1990</Attr>
<Attr Nom="ResponsablePremiereValidation">MIGV2</Attr>
<Attr Nom="StructDerniereValidation">1</Attr>
<Attr Nom="NumSource" Rep="1">OPD 100321770</Attr>
<Attr Nom="NumSource" Rep="2">OPP 14808291</Attr>
<Attr Nom="NumSource" Rep="3">OPP 13866707</Attr>
</record>
